<?xml version="1.0" encoding="UTF-8"?><record xmlns="http://www.loc.gov/MARC21/slim" xmlns:cinclude="http://apache.org/cocoon/include/1.0" xmlns:zs="http://www.loc.gov/zing/srw/">
  <leader>00487nz  a2200121n  4500</leader>
  <controlfield tag="001">nr2006012691</controlfield>
  <controlfield tag="003">DLC</controlfield>
  <controlfield tag="005">20060510033108.0</controlfield>
  <controlfield tag="008">060509n| acannaabn          |n aaa     c</controlfield>
  <datafield tag="010" ind1=" " ind2=" ">
    <subfield code="a">nr2006012691</subfield>
  </datafield>
  <datafield tag="040" ind1=" " ind2=" ">
    <subfield code="a">CSt</subfield>
    <subfield code="b">eng</subfield>
    <subfield code="c">CSt</subfield>
  </datafield>
  <datafield tag="100" ind1="1" ind2=" ">
    <subfield code="a">Dafinone, David Omueya,</subfield>
    <subfield code="d">1928-</subfield>
  </datafield>
  <datafield tag="670" ind1=" " ind2=" ">
    <subfield code="a">His Culture, governance and development in Nigeria, 1999:</subfield>
    <subfield code="b">t.p. (Senator David Omueya Dafinone, OFR.) cover (David O. Dafinone) p. 2 of cover (Nigerian chartered accountant; b. Mar. 12, 1928; Senator from 1979-1983)</subfield>
  </datafield>
</record>